@article{JMLR:PedregosaVGMTGBPWDVPCBPD11,
  author    = {Fabian Pedregosa and
               Ga{\"{e}}l Varoquaux and
               Alexandre Gramfort and
               Vincent Michel and
               Bertrand Thirion and
               Olivier Grisel and
               Mathieu Blondel and
               Peter Prettenhofer and
               Ron Weiss and
               Vincent Dubourg and
               Jake VanderPlas and
               Alexandre Passos and
               David Cournapeau and
               Matthieu Brucher and
               Matthieu Perrot and
               Edouard Duchesnay},
  title     = {{Scikit-learn}: Machine Learning in {Python}},
  journal   = {JMLR},
  volume    = {12},
  pages     = {2825--2830},
  year      = {2011},
  doi       = {10.5555/1953048.2078195},
}

@article{TIT:DiffieH76,
  author    = {Whitfield Diffie and
               Martin E. Hellman},
  title     = {New directions in cryptography},
  journal   = {{IEEE} TIT},
  volume    = {22},
  number    = {6},
  pages     = {644--654},
  year      = {1976},
  publisher = {IEEE},
  doi       = {10.1109/TIT.1976.1055638},
}

@online{bhattacharyya,
  title        = {{Bhattacharyya} distance},
  organization = {Wikipedia},
  url          = {https://en.wikipedia.org/wiki/Bhattacharyya_distance},
  note         = {Accessed: 2022-08-16},
  year         = {2022},
}
